@book{judd1998numerical,
  title     = {Numerical Methods in Economics},
  author    = {Judd, Kenneth L.},
  isbn      = {9780262100717},
  lccn      = {98013591},
  url       = {https://numericalmethodsineconomics.com/},
  year      = {1998},
  publisher = {MIT Press}
}

@book{kochenderfer2019optimization,
  title     = {Algorithms for Optimization},
  author    = {Kochenderfer, Mykel J. and Wheeler, Tim A.},
  isbn      = {9780262039420},
  lccn      = {2018023091},
  url       = {https://github.com/sisl/algforopt-notebooks},
  year      = {2019},
  publisher = {MIT Press}
}

@book{simon1994mathematics,
  title     = {Mathematics for Economists},
  author    = {Simon, Carl P. and Blume, Lawrence},
  isbn      = {9780393957334},
  year      = {1994},
  publisher = {Norton New York}
}

@book{kwon2019julia,
  author    = {Kwon, Changhyun},
  title     = {Julia Programming for Operations Research},
  publisher = {Changhyun Kwon},
  year      = {2019},
  address   = {United States},
  isbn      = {1798205475},
  url       = {https://juliabook.chkwon.net/book}
}